@misc{IntelSSL,
    title  = {Improving SSL Performance},
    author = {Vinodh Gopal and Jim Guilford and Erdinc Ozturk and Sean Gulley and Wajdi Feghali},
    year   = {2011},
    url    = {http://www.intel.com/content/www/us/en/intelligent-systems/embedded-systems-training/open-ssl-performance-paper.html},
}

@misc{IntelAES,
    title  = {Breakthrough AES Performance with Intel AES New Instructions},
    author = {Kahraman Akdemir and Martin Dixon and Wajdi Feghali and Patrick Fay and Vinodh Gopal and Jim Guilford and 
        Endric Ozturk and Gil Wolrich and Ronen Zohar},
    year   = {2010},
    url    = {https://communities.intel.com/docs/DOC-5003},
}

@article{Shannon49,
    author  = {Shannon, C.},
    journal = {Bell System Technical Journal},
    volume  = {28},
    pages   = {656 -- 715},
    title   = {Communication Theory of Secrecy Systems},
    year    = {1949},
    url     = {http://netlab.cs.ucla.edu/wiki/files/shannon1949.pdf},
}
